This file was created with JabRef 1.7.1.
Encoding: UTF-8

@BOOK{glac.5,
  title = {Glaciers \& Glaciation},
  publisher = {Arnold},
  year = {1998},
  author = {D. I. Benn and D. J. Evans},
  address = {London},
  key = {glac},
}

@ARTICLE{erosion.4,
  author = {G. S. Boulton},
  title = {The origin of till sequences by
	 subglacial sediment deformation beneath mid--latitude ice sheets},
  journal = {Annals of Glaciology},
  year = {1996},
  volume = {22},
  pages = {75-84},
  key = {erosion},
}

@ARTICLE{erosion.5,
  author = {G. S. Boulton},
  title = {Theory of glacial erosion, transport
	 and deposition as a consequence of subglacial sediment deformation},
  journal = {Journal of Glaciology},
  year = {1996},
  volume = {42},
  pages = {43-62},
  key = {erosion},
}

@ARTICLE{erosion.14,
  author = {Clarke, G. K. C},
  title = {Subglacial till: a physical framework for its properties and processes},
  journal = {Journal of Geophysical Research},
  year = {19987},
  volume = {92},
  pages = {9023-9036},
  number = {B9},
  owner = {mhagdorn},
}

@BOOK{glac.1,
  title = {The Physics of Glaciers},
  publisher = {Butterworth--Heinemann},
  year = {1994},
  author = {W. S. B. Paterson},
  address = {Oxford},
  edition = {3rd},
  key = {glaciology},
}

